@article{Logatchev2011,
author = {Logatchev, Pavel and Malyutin, Dmitriy and Starostenko, A.},
year = {2011},
month = {01},
pages = {1-27},
title = {Application of a low-energy electron beam as a tool of nondestructive diagnostics of intense charged-particle beams},
volume = {51},
journal = {Instruments and Experimental Techniques},
doi = {10.1134/S0020441208010016}
}